
@Book{BoydVandenberghe2004,
  author      = {Stephen Boyd and L. Vandenberghe},
  publisher   = {Cambridge University Press},
  title       = {Convex Optimization},
  year        = {2004},
  isbn        = {0521833787},
  description = {Convex Optimization (Book, 2004)},
  doi         = {10.1017/cbo9780511804441},
  file        = {BoydVandenberghe2004.pdf:BoydVandenberghe2004.pdf:PDF;:BoydVandenberghe2004.epub:ePUB;:notes/BoydVandenberghe2004.org:Org},
  groups      = {CDC2020},
  interhash   = {ed97cbc8b24a80b36161358184450945},
  intrahash   = {2a06e6950fffc8e7f4c9318494f43d4e},
  keywords    = {read},
  readstatus  = {read},
}
